% This file was created with Citavi 6.14.0.0

@incollection{Frege,
      AUTHOR          = {Frege, Gottlob},
      TITLE           = {{Ãœber Sinn und Bedeutung}},
      EDITOR          = {Ignacio Angelelli},
      BOOKTITLE       = {Kleine Schriften},
      PAGES           = {143--162},
      PUBLISHER       = {Georg Olm},
      ADDRESS         = {Hildesheim},
      YEAR            = {1967}
}