% This file was created with Citavi 6.14.0.0

@book{Hume.2013,
	title={Ein Traktat über die
	menschliche Natur. Band 2, Buch II: Über die Affekte Buch III: Über Moral},
	author={David Hume},
	year={1739},
	publisher={Felix Meiner Verlag}
}